%YAML 1.1
%TAG !u! tag:unity3d.com,2011:
--- !u!29 &1
SceneSettings:
  m_ObjectHideFlags: 0
  m_PVSData: 
  m_PVSObjectsArray: []
  m_PVSPortalsArray: []
  m_OcclusionBakeSettings:
    smallestOccluder: 5
    smallestHole: .25
    backfaceThreshold: 100
--- !u!104 &2
RenderSettings:
  m_Fog: 0
  m_FogColor: {r: .5, g: .5, b: .5, a: 1}
  m_FogMode: 3
  m_FogDensity: .00999999978
  m_LinearFogStart: 0
  m_LinearFogEnd: 300
  m_AmbientLight: {r: .200000003, g: .200000003, b: .200000003, a: 1}
  m_SkyboxMaterial: {fileID: 0}
  m_HaloStrength: .5
  m_FlareStrength: 1
  m_FlareFadeSpeed: 3
  m_HaloTexture: {fileID: 0}
  m_SpotCookie: {fileID: 0}
  m_ObjectHideFlags: 0
--- !u!127 &3
LevelGameManager:
  m_ObjectHideFlags: 0
--- !u!157 &4
LightmapSettings:
  m_ObjectHideFlags: 0
  m_LightProbes: {fileID: 0}
  m_Lightmaps: []
  m_LightmapsMode: 1
  m_BakedColorSpace: 0
  m_UseDualLightmapsInForward: 0
  m_LightmapEditorSettings:
    m_Resolution: 50
    m_LastUsedResolution: 0
    m_TextureWidth: 1024
    m_TextureHeight: 1024
    m_BounceBoost: 1
    m_BounceIntensity: 1
    m_SkyLightColor: {r: .860000014, g: .930000007, b: 1, a: 1}
    m_SkyLightIntensity: 0
    m_Quality: 0
    m_Bounces: 1
    m_FinalGatherRays: 1000
    m_FinalGatherContrastThreshold: .0500000007
    m_FinalGatherGradientThreshold: 0
    m_FinalGatherInterpolationPoints: 15
    m_AOAmount: 0
    m_AOMaxDistance: .100000001
    m_AOContrast: 1
    m_LODSurfaceMappingDistance: 1
    m_Padding: 0
    m_TextureCompression: 0
    m_LockAtlas: 0
--- !u!196 &5
NavMeshSettings:
  m_ObjectHideFlags: 0
  m_BuildSettings:
    agentRadius: .5
    agentHeight: 2
    agentSlope: 45
    agentClimb: .400000006
    ledgeDropHeight: 0
    maxJumpAcrossDistance: 0
    accuratePlacement: 0
    minRegionArea: 2
    widthInaccuracy: 16.666666
    heightInaccuracy: 10
  m_NavMesh: {fileID: 0}
--- !u!1 &142850040
GameObject:
  m_ObjectHideFlags: 0
  m_PrefabParentObject: {fileID: 100014, guid: 33e2b5ee62b924f22a547454641b9ea2, type: 2}
  m_PrefabInternal: {fileID: 0}
  serializedVersion: 4
  m_Component:
  - 4: {fileID: 142850041}
  - 212: {fileID: 142850043}
  - 61: {fileID: 142850042}
  m_Layer: 0
  m_Name: TreeStumpSprite
  m_TagString: Untagged
  m_Icon: {fileID: 0}
  m_NavMeshLayer: 0
  m_StaticEditorFlags: 0
  m_IsActive: 1
--- !u!4 &142850041
Transform:
  m_ObjectHideFlags: 0
  m_PrefabParentObject: {fileID: 400014, guid: 33e2b5ee62b924f22a547454641b9ea2, type: 2}
  m_PrefabInternal: {fileID: 0}
  m_GameObject: {fileID: 142850040}
  m_LocalRotation: {x: 0, y: 0, z: 0, w: 1}
  m_LocalPosition: {x: -.0383285582, y: -2.64668608, z: 0}
  m_LocalScale: {x: 6, y: 3, z: 1}
  m_Children: []
  m_Father: {fileID: 1596917383}
  m_RootOrder: 3
--- !u!61 &142850042
BoxCollider2D:
  m_ObjectHideFlags: 0
  m_PrefabParentObject: {fileID: 6100002, guid: 33e2b5ee62b924f22a547454641b9ea2,
    type: 2}
  m_PrefabInternal: {fileID: 0}
  m_GameObject: {fileID: 142850040}
  m_Enabled: 1
  m_Material: {fileID: 0}
  m_IsTrigger: 0
  m_Size: {x: .310000002, y: .330000013}
  m_Center: {x: 0, y: 0}
--- !u!212 &142850043
SpriteRenderer:
  m_ObjectHideFlags: 0
  m_PrefabParentObject: {fileID: 21200006, guid: 33e2b5ee62b924f22a547454641b9ea2,
    type: 2}
  m_PrefabInternal: {fileID: 0}
  m_GameObject: {fileID: 142850040}
  m_Enabled: 1
  m_CastShadows: 0
  m_ReceiveShadows: 0
  m_LightmapIndex: 255
  m_LightmapTilingOffset: {x: 1, y: 1, z: 0, w: 0}
  m_Materials:
  - {fileID: 10754, guid: 0000000000000000e000000000000000, type: 0}
  m_SubsetIndices: 
  m_StaticBatchRoot: {fileID: 0}
  m_UseLightProbes: 0
  m_LightProbeAnchor: {fileID: 0}
  m_ScaleInLightmap: 1
  m_SortingLayerID: 0
  m_SortingOrder: 3
  m_Sprite: {fileID: 21300000, guid: 0164cc321f9064ee4b67712d35dbe974, type: 3}
  m_Color: {r: .71896106, g: .69647491, b: .838235259, a: 1}
--- !u!1 &153165304
GameObject:
  m_ObjectHideFlags: 0
  m_PrefabParentObject: {fileID: 100052, guid: 33e2b5ee62b924f22a547454641b9ea2, type: 2}
  m_PrefabInternal: {fileID: 0}
  serializedVersion: 4
  m_Component:
  - 4: {fileID: 153165305}
  - 212: {fileID: 153165306}
  m_Layer: 0
  m_Name: Item-CloakCoat
  m_TagString: Untagged
  m_Icon: {fileID: 0}
  m_NavMeshLayer: 0
  m_StaticEditorFlags: 0
  m_IsActive: 1
--- !u!4 &153165305
Transform:
  m_ObjectHideFlags: 0
  m_PrefabParentObject: {fileID: 400052, guid: 33e2b5ee62b924f22a547454641b9ea2, type: 2}
  m_PrefabInternal: {fileID: 0}
  m_GameObject: {fileID: 153165304}
  m_LocalRotation: {x: 0, y: 0, z: .241921902, w: .970295727}
  m_LocalPosition: {x: 4.64402342, y: 1.11079443, z: 0}
  m_LocalScale: {x: 5, y: 5, z: 1}
  m_Children: []
  m_Father: {fileID: 166105477}
  m_RootOrder: 1
--- !u!212 &153165306
SpriteRenderer:
  m_ObjectHideFlags: 0
  m_PrefabParentObject: {fileID: 21200020, guid: 33e2b5ee62b924f22a547454641b9ea2,
    type: 2}
  m_PrefabInternal: {fileID: 0}
  m_GameObject: {fileID: 153165304}
  m_Enabled: 1
  m_CastShadows: 0
  m_ReceiveShadows: 0
  m_LightmapIndex: 255
  m_LightmapTilingOffset: {x: 1, y: 1, z: 0, w: 0}
  m_Materials:
  - {fileID: 10754, guid: 0000000000000000e000000000000000, type: 0}
  m_SubsetIndices: 
  m_StaticBatchRoot: {fileID: 0}
  m_UseLightProbes: 0
  m_LightProbeAnchor: {fileID: 0}
  m_ScaleInLightmap: 1
  m_SortingLayerID: 0
  m_SortingOrder: 5
  m_Sprite: {fileID: 21300098, guid: 8f3cfd3a7be9d424d84ac7b2578dd101, type: 3}
  m_Color: {r: 1, g: 1, b: 1, a: 1}
--- !u!1 &156022221
GameObject:
  m_ObjectHideFlags: 0
  m_PrefabParentObject: {fileID: 100000, guid: 33e2b5ee62b924f22a547454641b9ea2, type: 2}
  m_PrefabInternal: {fileID: 0}
  serializedVersion: 4
  m_Component:
  - 4: {fileID: 156022222}
  - 212: {fileID: 156022223}
  m_Layer: 0
  m_Name: Background
  m_TagString: Untagged
  m_Icon: {fileID: 0}
  m_NavMeshLayer: 0
  m_StaticEditorFlags: 0
  m_IsActive: 1
--- !u!4 &156022222
Transform:
  m_ObjectHideFlags: 0
  m_PrefabParentObject: {fileID: 400000, guid: 33e2b5ee62b924f22a547454641b9ea2, type: 2}
  m_PrefabInternal: {fileID: 0}
  m_GameObject: {fileID: 156022221}
  m_LocalRotation: {x: 0, y: 0, z: 0, w: 1}
  m_LocalPosition: {x: 0, y: 0, z: 0}
  m_LocalScale: {x: 1, y: 1, z: 1}
  m_Children: []
  m_Father: {fileID: 1596917383}
  m_RootOrder: 0
--- !u!212 &156022223
SpriteRenderer:
  m_ObjectHideFlags: 0
  m_PrefabParentObject: {fileID: 21200002, guid: 33e2b5ee62b924f22a547454641b9ea2,
    type: 2}
  m_PrefabInternal: {fileID: 0}
  m_GameObject: {fileID: 156022221}
  m_Enabled: 1
  m_CastShadows: 0
  m_ReceiveShadows: 0
  m_LightmapIndex: 255
  m_LightmapTilingOffset: {x: 1, y: 1, z: 0, w: 0}
  m_Materials:
  - {fileID: 10754, guid: 0000000000000000e000000000000000, type: 0}
  m_SubsetIndices: 
  m_StaticBatchRoot: {fileID: 0}
  m_UseLightProbes: 0
  m_LightProbeAnchor: {fileID: 0}
  m_ScaleInLightmap: 1
  m_SortingLayerID: 0
  m_SortingOrder: 0
  m_Sprite: {fileID: 21300000, guid: 875349512dce74202a127d5ca81600f5, type: 3}
  m_Color: {r: 1, g: 1, b: 1, a: 1}
--- !u!1 &165502777
GameObject:
  m_ObjectHideFlags: 0
  m_PrefabParentObject: {fileID: 100086, guid: 33e2b5ee62b924f22a547454641b9ea2, type: 2}
  m_PrefabInternal: {fileID: 0}
  serializedVersion: 4
  m_Component:
  - 4: {fileID: 165502778}
  m_Layer: 0
  m_Name: SequenceObjects
  m_TagString: Untagged
  m_Icon: {fileID: 0}
  m_NavMeshLayer: 0
  m_StaticEditorFlags: 0
  m_IsActive: 1
--- !u!4 &165502778
Transform:
  m_ObjectHideFlags: 0
  m_PrefabParentObject: {fileID: 400086, guid: 33e2b5ee62b924f22a547454641b9ea2, type: 2}
  m_PrefabInternal: {fileID: 0}
  m_GameObject: {fileID: 165502777}
  m_LocalRotation: {x: 0, y: 0, z: 0, w: 1}
  m_LocalPosition: {x: 0, y: 0, z: 0}
  m_LocalScale: {x: 1, y: 1, z: 1}
  m_Children:
  - {fileID: 1249857989}
  - {fileID: 1344245316}
  - {fileID: 1320768851}
  - {fileID: 166105477}
  - {fileID: 873386114}
  - {fileID: 1265194701}
  m_Father: {fileID: 1596917383}
  m_RootOrder: 2
--- !u!1 &166105476
GameObject:
  m_ObjectHideFlags: 0
  m_PrefabParentObject: {fileID: 100046, guid: 33e2b5ee62b924f22a547454641b9ea2, type: 2}
  m_PrefabInternal: {fileID: 0}
  serializedVersion: 4
  m_Component:
  - 4: {fileID: 166105477}
  m_Layer: 0
  m_Name: DayAfterItems
  m_TagString: Untagged
  m_Icon: {fileID: 0}
  m_NavMeshLayer: 0
  m_StaticEditorFlags: 0
  m_IsActive: 0
--- !u!4 &166105477
Transform:
  m_ObjectHideFlags: 0
  m_PrefabParentObject: {fileID: 400046, guid: 33e2b5ee62b924f22a547454641b9ea2, type: 2}
  m_PrefabInternal: {fileID: 0}
  m_GameObject: {fileID: 166105476}
  m_LocalRotation: {x: 0, y: 0, z: 0, w: 1}
  m_LocalPosition: {x: 0, y: 0, z: 0}
  m_LocalScale: {x: 1, y: 1, z: 1}
  m_Children:
  - {fileID: 330492849}
  - {fileID: 153165305}
  - {fileID: 346791713}
  - {fileID: 1781395223}
  - {fileID: 1723773791}
  - {fileID: 222992392}
  - {fileID: 1472280462}
  - {fileID: 609709078}
  - {fileID: 644966939}
  m_Father: {fileID: 165502778}
  m_RootOrder: 3
--- !u!1 &222992391
GameObject:
  m_ObjectHideFlags: 0
  m_PrefabParentObject: {fileID: 100048, guid: 33e2b5ee62b924f22a547454641b9ea2, type: 2}
  m_PrefabInternal: {fileID: 0}
  serializedVersion: 4
  m_Component:
  - 4: {fileID: 222992392}
  - 212: {fileID: 222992393}
  m_Layer: 0
  m_Name: Item-RedBoot
  m_TagString: Untagged
  m_Icon: {fileID: 0}
  m_NavMeshLayer: 0
  m_StaticEditorFlags: 0
  m_IsActive: 1
--- !u!4 &222992392
Transform:
  m_ObjectHideFlags: 0
  m_PrefabParentObject: {fileID: 400048, guid: 33e2b5ee62b924f22a547454641b9ea2, type: 2}
  m_PrefabInternal: {fileID: 0}
  m_GameObject: {fileID: 222992391}
  m_LocalRotation: {x: 0, y: 0, z: .983223081, w: -.1824072}
  m_LocalPosition: {x: -2.30504513, y: 1.50048995, z: 0}
  m_LocalScale: {x: 5, y: 5, z: 1}
  m_Children: []
  m_Father: {fileID: 166105477}
  m_RootOrder: 5
--- !u!212 &222992393
SpriteRenderer:
  m_ObjectHideFlags: 0
  m_PrefabParentObject: {fileID: 21200000, guid: 33e2b5ee62b924f22a547454641b9ea2,
    type: 2}
  m_PrefabInternal: {fileID: 0}
  m_GameObject: {fileID: 222992391}
  m_Enabled: 1
  m_CastShadows: 0
  m_ReceiveShadows: 0
  m_LightmapIndex: 255
  m_LightmapTilingOffset: {x: 1, y: 1, z: 0, w: 0}
  m_Materials:
  - {fileID: 10754, guid: 0000000000000000e000000000000000, type: 0}
  m_SubsetIndices: 
  m_StaticBatchRoot: {fileID: 0}
  m_UseLightProbes: 0
  m_LightProbeAnchor: {fileID: 0}
  m_ScaleInLightmap: 1
  m_SortingLayerID: 0
  m_SortingOrder: 4
  m_Sprite: {fileID: 21300140, guid: 8f3cfd3a7be9d424d84ac7b2578dd101, type: 3}
  m_Color: {r: 1, g: 1, b: 1, a: 1}
--- !u!1 &330492848
GameObject:
  m_ObjectHideFlags: 0
  m_PrefabParentObject: {fileID: 100058, guid: 33e2b5ee62b924f22a547454641b9ea2, type: 2}
  m_PrefabInternal: {fileID: 0}
  serializedVersion: 4
  m_Component:
  - 4: {fileID: 330492849}
  - 212: {fileID: 330492850}
  m_Layer: 0
  m_Name: Item-BugNet
  m_TagString: Untagged
  m_Icon: {fileID: 0}
  m_NavMeshLayer: 0
  m_StaticEditorFlags: 0
  m_IsActive: 1
--- !u!4 &330492849
Transform:
  m_ObjectHideFlags: 0
  m_PrefabParentObject: {fileID: 400058, guid: 33e2b5ee62b924f22a547454641b9ea2, type: 2}
  m_PrefabInternal: {fileID: 0}
  m_GameObject: {fileID: 330492848}
  m_LocalRotation: {x: 0, y: 0, z: -.548293233, w: .836286187}
  m_LocalPosition: {x: -4.04665184, y: 2.60605145, z: 0}
  m_LocalScale: {x: 5, y: 5, z: 1}
  m_Children: []
  m_Father: {fileID: 166105477}
  m_RootOrder: 0
--- !u!212 &330492850
SpriteRenderer:
  m_ObjectHideFlags: 0
  m_PrefabParentObject: {fileID: 21200026, guid: 33e2b5ee62b924f22a547454641b9ea2,
    type: 2}
  m_PrefabInternal: {fileID: 0}
  m_GameObject: {fileID: 330492848}
  m_Enabled: 1
  m_CastShadows: 0
  m_ReceiveShadows: 0
  m_LightmapIndex: 255
  m_LightmapTilingOffset: {x: 1, y: 1, z: 0, w: 0}
  m_Materials:
  - {fileID: 10754, guid: 0000000000000000e000000000000000, type: 0}
  m_SubsetIndices: 
  m_StaticBatchRoot: {fileID: 0}
  m_UseLightProbes: 0
  m_LightProbeAnchor: {fileID: 0}
  m_ScaleInLightmap: 1
  m_SortingLayerID: 0
  m_SortingOrder: 0
  m_Sprite: {fileID: 21300070, guid: 8f3cfd3a7be9d424d84ac7b2578dd101, type: 3}
  m_Color: {r: 1, g: 1, b: 1, a: 1}
--- !u!1 &346791712
GameObject:
  m_ObjectHideFlags: 0
  m_PrefabParentObject: {fileID: 100060, guid: 33e2b5ee62b924f22a547454641b9ea2, type: 2}
  m_PrefabInternal: {fileID: 0}
  serializedVersion: 4
  m_Component:
  - 4: {fileID: 346791713}
  - 212: {fileID: 346791714}
  m_Layer: 0
  m_Name: Item-Lantern
  m_TagString: Untagged
  m_Icon: {fileID: 0}
  m_NavMeshLayer: 0
  m_StaticEditorFlags: 0
  m_IsActive: 1
--- !u!4 &346791713
Transform:
  m_ObjectHideFlags: 0
  m_PrefabParentObject: {fileID: 400060, guid: 33e2b5ee62b924f22a547454641b9ea2, type: 2}
  m_PrefabInternal: {fileID: 0}
  m_GameObject: {fileID: 346791712}
  m_LocalRotation: {x: 0, y: 0, z: .707106829, w: .707106829}
  m_LocalPosition: {x: 3.22563505, y: 2.2384553, z: 0}
  m_LocalScale: {x: 5, y: 5, z: 1}
  m_Children: []
  m_Father: {fileID: 166105477}
  m_RootOrder: 2
--- !u!212 &346791714
SpriteRenderer:
  m_ObjectHideFlags: 0
  m_PrefabParentObject: {fileID: 21200028, guid: 33e2b5ee62b924f22a547454641b9ea2,
    type: 2}
  m_PrefabInternal: {fileID: 0}
  m_GameObject: {fileID: 346791712}
  m_Enabled: 1
  m_CastShadows: 0
  m_ReceiveShadows: 0
  m_LightmapIndex: 255
  m_LightmapTilingOffset: {x: 1, y: 1, z: 0, w: 0}
  m_Materials:
  - {fileID: 10754, guid: 0000000000000000e000000000000000, type: 0}
  m_SubsetIndices: 
  m_StaticBatchRoot: {fileID: 0}
  m_UseLightProbes: 0
  m_LightProbeAnchor: {fileID: 0}
  m_ScaleInLightmap: 1
  m_SortingLayerID: 0
  m_SortingOrder: 0
  m_Sprite: {fileID: 21300062, guid: 8f3cfd3a7be9d424d84ac7b2578dd101, type: 3}
  m_Color: {r: 1, g: 1, b: 1, a: 1}
--- !u!1 &609709076
GameObject:
  m_ObjectHideFlags: 0
  m_PrefabParentObject: {fileID: 100054, guid: 33e2b5ee62b924f22a547454641b9ea2, type: 2}
  m_PrefabInternal: {fileID: 0}
  serializedVersion: 4
  m_Component:
  - 4: {fileID: 609709078}
  - 212: {fileID: 609709077}
  m_Layer: 0
  m_Name: Item-WandRod
  m_TagString: Untagged
  m_Icon: {fileID: 0}
  m_NavMeshLayer: 0
  m_StaticEditorFlags: 0
  m_IsActive: 1
--- !u!212 &609709077
SpriteRenderer:
  m_ObjectHideFlags: 0
  m_PrefabParentObject: {fileID: 21200022, guid: 33e2b5ee62b924f22a547454641b9ea2,
    type: 2}
  m_PrefabInternal: {fileID: 0}
  m_GameObject: {fileID: 609709076}
  m_Enabled: 1
  m_CastShadows: 0
  m_ReceiveShadows: 0
  m_LightmapIndex: 255
  m_LightmapTilingOffset: {x: 1, y: 1, z: 0, w: 0}
  m_Materials:
  - {fileID: 10754, guid: 0000000000000000e000000000000000, type: 0}
  m_SubsetIndices: 
  m_StaticBatchRoot: {fileID: 0}
  m_UseLightProbes: 0
  m_LightProbeAnchor: {fileID: 0}
  m_ScaleInLightmap: 1
  m_SortingLayerID: 0
  m_SortingOrder: 0
  m_Sprite: {fileID: 21300094, guid: 8f3cfd3a7be9d424d84ac7b2578dd101, type: 3}
  m_Color: {r: 1, g: 1, b: 1, a: 1}
--- !u!4 &609709078
Transform:
  m_ObjectHideFlags: 0
  m_PrefabParentObject: {fileID: 400054, guid: 33e2b5ee62b924f22a547454641b9ea2, type: 2}
  m_PrefabInternal: {fileID: 0}
  m_GameObject: {fileID: 609709076}
  m_LocalRotation: {x: 0, y: 0, z: .866025448, w: .49999997}
  m_LocalPosition: {x: 3.0648241, y: -3.01617885, z: 0}
  m_LocalScale: {x: 5, y: 5, z: 1}
  m_Children: []
  m_Father: {fileID: 166105477}
  m_RootOrder: 7
--- !u!1 &644966938
GameObject:
  m_ObjectHideFlags: 0
  m_PrefabParentObject: {fileID: 100016, guid: 33e2b5ee62b924f22a547454641b9ea2, type: 2}
  m_PrefabInternal: {fileID: 0}
  serializedVersion: 4
  m_Component:
  - 4: {fileID: 644966939}
  - 212: {fileID: 644966940}
  m_Layer: 0
  m_Name: MessedUpTentSprite
  m_TagString: Untagged
  m_Icon: {fileID: 0}
  m_NavMeshLayer: 0
  m_StaticEditorFlags: 0
  m_IsActive: 1
--- !u!4 &644966939
Transform:
  m_ObjectHideFlags: 0
  m_PrefabParentObject: {fileID: 400016, guid: 33e2b5ee62b924f22a547454641b9ea2, type: 2}
  m_PrefabInternal: {fileID: 0}
  m_GameObject: {fileID: 644966938}
  m_LocalRotation: {x: 0, y: 0, z: .939692616, w: .342020154}
  m_LocalPosition: {x: .103840999, y: 1.47570097, z: 0}
  m_LocalScale: {x: 10, y: 10, z: 1}
  m_Children: []
  m_Father: {fileID: 166105477}
  m_RootOrder: 8
--- !u!212 &644966940
SpriteRenderer:
  m_ObjectHideFlags: 0
  m_PrefabParentObject: {fileID: 21200008, guid: 33e2b5ee62b924f22a547454641b9ea2,
    type: 2}
  m_PrefabInternal: {fileID: 0}
  m_GameObject: {fileID: 644966938}
  m_Enabled: 1
  m_CastShadows: 0
  m_ReceiveShadows: 0
  m_LightmapIndex: 255
  m_LightmapTilingOffset: {x: 1, y: 1, z: 0, w: 0}
  m_Materials:
  - {fileID: 10754, guid: 0000000000000000e000000000000000, type: 0}
  m_SubsetIndices: 
  m_StaticBatchRoot: {fileID: 0}
  m_UseLightProbes: 0
  m_LightProbeAnchor: {fileID: 0}
  m_ScaleInLightmap: 1
  m_SortingLayerID: 0
  m_SortingOrder: 1
  m_Sprite: {fileID: 21300000, guid: 4b9449528119843e782ab9cb6de5b52f, type: 3}
  m_Color: {r: 1, g: 1, b: 1, a: 1}
--- !u!1 &869808110
GameObject:
  m_ObjectHideFlags: 0
  m_PrefabParentObject: {fileID: 100006, guid: 33e2b5ee62b924f22a547454641b9ea2, type: 2}
  m_PrefabInternal: {fileID: 0}
  serializedVersion: 4
  m_Component:
  - 4: {fileID: 869808111}
  - 61: {fileID: 869808113}
  - 114: {fileID: 869808112}
  m_Layer: 0
  m_Name: NightfallTrigger
  m_TagString: Untagged
  m_Icon: {fileID: 0}
  m_NavMeshLayer: 0
  m_StaticEditorFlags: 0
  m_IsActive: 1
--- !u!4 &869808111
Transform:
  m_ObjectHideFlags: 0
  m_PrefabParentObject: {fileID: 400006, guid: 33e2b5ee62b924f22a547454641b9ea2, type: 2}
  m_PrefabInternal: {fileID: 0}
  m_GameObject: {fileID: 869808110}
  m_LocalRotation: {x: 0, y: 0, z: 0, w: 1}
  m_LocalPosition: {x: -.0195698068, y: .840497792, z: 0}
  m_LocalScale: {x: 1, y: 1, z: 1}
  m_Children: []
  m_Father: {fileID: 1596917383}
  m_RootOrder: 1
--- !u!114 &869808112
MonoBehaviour:
  m_ObjectHideFlags: 0
  m_PrefabParentObject: {fileID: 11400000, guid: 33e2b5ee62b924f22a547454641b9ea2,
    type: 2}
  m_PrefabInternal: {fileID: 0}
  m_GameObject: {fileID: 869808110}
  m_Enabled: 1
  m_EditorHideFlags: 0
  m_Script: {fileID: 11500000, guid: e21f808105f864e19aa98dc0637367d4, type: 3}
  m_Name: 
  m_EditorClassIdentifier: 
  levelPieceToReplace: {fileID: 1596917382}
--- !u!61 &869808113
BoxCollider2D:
  m_ObjectHideFlags: 0
  m_PrefabParentObject: {fileID: 6100000, guid: 33e2b5ee62b924f22a547454641b9ea2,
    type: 2}
  m_PrefabInternal: {fileID: 0}
  m_GameObject: {fileID: 869808110}
  m_Enabled: 1
  m_Material: {fileID: 0}
  m_IsTrigger: 1
  m_Size: {x: 10.1999998, y: .920000017}
  m_Center: {x: 0, y: -2.67000008}
--- !u!1 &873386113
GameObject:
  m_ObjectHideFlags: 0
  m_PrefabParentObject: {fileID: 100100, guid: 33e2b5ee62b924f22a547454641b9ea2, type: 2}
  m_PrefabInternal: {fileID: 0}
  serializedVersion: 4
  m_Component:
  - 4: {fileID: 873386114}
  - 212: {fileID: 873386115}
  m_Layer: 0
  m_Name: ScreenFade
  m_TagString: Untagged
  m_Icon: {fileID: 0}
  m_NavMeshLayer: 0
  m_StaticEditorFlags: 0
  m_IsActive: 1
--- !u!4 &873386114
Transform:
  m_ObjectHideFlags: 0
  m_PrefabParentObject: {fileID: 400100, guid: 33e2b5ee62b924f22a547454641b9ea2, type: 2}
  m_PrefabInternal: {fileID: 0}
  m_GameObject: {fileID: 873386113}
  m_LocalRotation: {x: 0, y: 0, z: 0, w: 1}
  m_LocalPosition: {x: 0, y: 0, z: 0}
  m_LocalScale: {x: 1103.18628, y: 810.229431, z: 1}
  m_Children: []
  m_Father: {fileID: 165502778}
  m_RootOrder: 4
--- !u!212 &873386115
SpriteRenderer:
  m_ObjectHideFlags: 0
  m_PrefabParentObject: {fileID: 21200034, guid: 33e2b5ee62b924f22a547454641b9ea2,
    type: 2}
  m_PrefabInternal: {fileID: 0}
  m_GameObject: {fileID: 873386113}
  m_Enabled: 1
  m_CastShadows: 0
  m_ReceiveShadows: 0
  m_LightmapIndex: 255
  m_LightmapTilingOffset: {x: 1, y: 1, z: 0, w: 0}
  m_Materials:
  - {fileID: 10754, guid: 0000000000000000e000000000000000, type: 0}
  m_SubsetIndices: 
  m_StaticBatchRoot: {fileID: 0}
  m_UseLightProbes: 0
  m_LightProbeAnchor: {fileID: 0}
  m_ScaleInLightmap: 1
  m_SortingLayerID: 0
  m_SortingOrder: 10
  m_Sprite: {fileID: 21300000, guid: cc7b8779f4cab40139bbe35ea7a6f41e, type: 3}
  m_Color: {r: 0, g: 0, b: 0, a: 0}
--- !u!1 &958858773
GameObject:
  m_ObjectHideFlags: 0
  m_PrefabParentObject: {fileID: 100004, guid: 33e2b5ee62b924f22a547454641b9ea2, type: 2}
  m_PrefabInternal: {fileID: 0}
  serializedVersion: 4
  m_Component:
  - 4: {fileID: 958858774}
  - 212: {fileID: 958858776}
  - 58: {fileID: 958858775}
  m_Layer: 0
  m_Name: TreeDecor
  m_TagString: Untagged
  m_Icon: {fileID: 0}
  m_NavMeshLayer: 0
  m_StaticEditorFlags: 0
  m_IsActive: 1
--- !u!4 &958858774
Transform:
  m_ObjectHideFlags: 0
  m_PrefabParentObject: {fileID: 400004, guid: 33e2b5ee62b924f22a547454641b9ea2, type: 2}
  m_PrefabInternal: {fileID: 0}
  m_GameObject: {fileID: 958858773}
  m_LocalRotation: {x: 0, y: 0, z: 0, w: 1}
  m_LocalPosition: {x: -2.8738513, y: .631366611, z: 0}
  m_LocalScale: {x: 1.5, y: 1.5, z: 1}
  m_Children: []
  m_Father: {fileID: 1596917383}
  m_RootOrder: 4
--- !u!58 &958858775
CircleCollider2D:
  m_ObjectHideFlags: 0
  m_PrefabParentObject: {fileID: 5800002, guid: 33e2b5ee62b924f22a547454641b9ea2,
    type: 2}
  m_PrefabInternal: {fileID: 0}
  m_GameObject: {fileID: 958858773}
  m_Enabled: 1
  m_Material: {fileID: 0}
  m_IsTrigger: 0
  m_Radius: .550000012
  m_Center: {x: 0, y: -.200000003}
--- !u!212 &958858776
SpriteRenderer:
  m_ObjectHideFlags: 0
  m_PrefabParentObject: {fileID: 21200004, guid: 33e2b5ee62b924f22a547454641b9ea2,
    type: 2}
  m_PrefabInternal: {fileID: 0}
  m_GameObject: {fileID: 958858773}
  m_Enabled: 1
  m_CastShadows: 0
  m_ReceiveShadows: 0
  m_LightmapIndex: 255
  m_LightmapTilingOffset: {x: 1, y: 1, z: 0, w: 0}
  m_Materials:
  - {fileID: 10754, guid: 0000000000000000e000000000000000, type: 0}
  m_SubsetIndices: 
  m_StaticBatchRoot: {fileID: 0}
  m_UseLightProbes: 0
  m_LightProbeAnchor: {fileID: 0}
  m_ScaleInLightmap: 1
  m_SortingLayerID: 0
  m_SortingOrder: 3
  m_Sprite: {fileID: 21300000, guid: 39da9b11fc51b4f4a99b98e8b2124364, type: 3}
  m_Color: {r: 1, g: 1, b: 1, a: 1}
--- !u!1 &1249857988
GameObject:
  m_ObjectHideFlags: 0
  m_PrefabParentObject: {fileID: 100018, guid: 33e2b5ee62b924f22a547454641b9ea2, type: 2}
  m_PrefabInternal: {fileID: 0}
  serializedVersion: 4
  m_Component:
  - 4: {fileID: 1249857989}
  - 212: {fileID: 1249857991}
  - 95: {fileID: 1249857990}
  m_Layer: 0
  m_Name: BonfireAnimation
  m_TagString: Untagged
  m_Icon: {fileID: 0}
  m_NavMeshLayer: 0
  m_StaticEditorFlags: 0
  m_IsActive: 0
--- !u!4 &1249857989
Transform:
  m_ObjectHideFlags: 0
  m_PrefabParentObject: {fileID: 400018, guid: 33e2b5ee62b924f22a547454641b9ea2, type: 2}
  m_PrefabInternal: {fileID: 0}
  m_GameObject: {fileID: 1249857988}
  m_LocalRotation: {x: 0, y: 0, z: 0, w: 1}
  m_LocalPosition: {x: 0, y: -2.5, z: 0}
  m_LocalScale: {x: 1, y: 1, z: 1}
  m_Children: []
  m_Father: {fileID: 165502778}
  m_RootOrder: 0
--- !u!95 &1249857990
Animator:
  serializedVersion: 3
  m_ObjectHideFlags: 0
  m_PrefabParentObject: {fileID: 9500000, guid: 33e2b5ee62b924f22a547454641b9ea2,
    type: 2}
  m_PrefabInternal: {fileID: 0}
  m_GameObject: {fileID: 1249857988}
  m_Enabled: 1
  m_Avatar: {fileID: 0}
  m_Controller: {fileID: 9100000, guid: 2b34da0cd605940cbad2d3e88540488e, type: 2}
  m_CullingMode: 0
  m_UpdateMode: 0
  m_ApplyRootMotion: 1
  m_HasTransformHierarchy: 1
  m_AllowConstantClipSamplingOptimization: 1
--- !u!212 &1249857991
SpriteRenderer:
  m_ObjectHideFlags: 0
  m_PrefabParentObject: {fileID: 21200010, guid: 33e2b5ee62b924f22a547454641b9ea2,
    type: 2}
  m_PrefabInternal: {fileID: 0}
  m_GameObject: {fileID: 1249857988}
  m_Enabled: 1
  m_CastShadows: 0
  m_ReceiveShadows: 0
  m_LightmapIndex: 255
  m_LightmapTilingOffset: {x: 1, y: 1, z: 0, w: 0}
  m_Materials:
  - {fileID: 10754, guid: 0000000000000000e000000000000000, type: 0}
  m_SubsetIndices: 
  m_StaticBatchRoot: {fileID: 0}
  m_UseLightProbes: 0
  m_LightProbeAnchor: {fileID: 0}
  m_ScaleInLightmap: 1
  m_SortingLayerID: 0
  m_SortingOrder: 4
  m_Sprite: {fileID: 21300000, guid: 0b920435728f34b83b0cde18b59cbc32, type: 3}
  m_Color: {r: 1, g: 1, b: 1, a: 1}
--- !u!1 &1265194700
GameObject:
  m_ObjectHideFlags: 0
  m_PrefabParentObject: {fileID: 100096, guid: 33e2b5ee62b924f22a547454641b9ea2, type: 2}
  m_PrefabInternal: {fileID: 0}
  serializedVersion: 4
  m_Component:
  - 4: {fileID: 1265194701}
  - 212: {fileID: 1265194702}
  m_Layer: 0
  m_Name: TentSprite
  m_TagString: Untagged
  m_Icon: {fileID: 0}
  m_NavMeshLayer: 0
  m_StaticEditorFlags: 0
  m_IsActive: 0
--- !u!4 &1265194701
Transform:
  m_ObjectHideFlags: 0
  m_PrefabParentObject: {fileID: 400096, guid: 33e2b5ee62b924f22a547454641b9ea2, type: 2}
  m_PrefabInternal: {fileID: 0}
  m_GameObject: {fileID: 1265194700}
  m_LocalRotation: {x: 0, y: 0, z: 0, w: 1}
  m_LocalPosition: {x: .103840925, y: 1.47570086, z: 0}
  m_LocalScale: {x: 10, y: 10, z: 1}
  m_Children: []
  m_Father: {fileID: 165502778}
  m_RootOrder: 5
--- !u!212 &1265194702
SpriteRenderer:
  m_ObjectHideFlags: 0
  m_PrefabParentObject: {fileID: 21200032, guid: 33e2b5ee62b924f22a547454641b9ea2,
    type: 2}
  m_PrefabInternal: {fileID: 0}
  m_GameObject: {fileID: 1265194700}
  m_Enabled: 1
  m_CastShadows: 0
  m_ReceiveShadows: 0
  m_LightmapIndex: 255
  m_LightmapTilingOffset: {x: 1, y: 1, z: 0, w: 0}
  m_Materials:
  - {fileID: 10754, guid: 0000000000000000e000000000000000, type: 0}
  m_SubsetIndices: 
  m_StaticBatchRoot: {fileID: 0}
  m_UseLightProbes: 0
  m_LightProbeAnchor: {fileID: 0}
  m_ScaleInLightmap: 1
  m_SortingLayerID: 0
  m_SortingOrder: 1
  m_Sprite: {fileID: 21300000, guid: 4b9449528119843e782ab9cb6de5b52f, type: 3}
  m_Color: {r: .590397954, g: .59160006, b: .764705896, a: 1}
--- !u!1 &1320768850
GameObject:
  m_ObjectHideFlags: 0
  m_PrefabParentObject: {fileID: 100024, guid: 33e2b5ee62b924f22a547454641b9ea2, type: 2}
  m_PrefabInternal: {fileID: 0}
  serializedVersion: 4
  m_Component:
  - 4: {fileID: 1320768851}
  - 212: {fileID: 1320768852}
  m_Layer: 0
  m_Name: DummyPlayer
  m_TagString: Untagged
  m_Icon: {fileID: 0}
  m_NavMeshLayer: 0
  m_StaticEditorFlags: 0
  m_IsActive: 0
--- !u!4 &1320768851
Transform:
  m_ObjectHideFlags: 0
  m_PrefabParentObject: {fileID: 400024, guid: 33e2b5ee62b924f22a547454641b9ea2, type: 2}
  m_PrefabInternal: {fileID: 0}
  m_GameObject: {fileID: 1320768850}
  m_LocalRotation: {x: 0, y: 0, z: 0, w: 1}
  m_LocalPosition: {x: .91769588, y: -1, z: 0}
  m_LocalScale: {x: 1, y: 1, z: 1}
  m_Children:
  - {fileID: 1971657343}
  m_Father: {fileID: 165502778}
  m_RootOrder: 2
--- !u!212 &1320768852
SpriteRenderer:
  m_ObjectHideFlags: 0
  m_PrefabParentObject: {fileID: 21200014, guid: 33e2b5ee62b924f22a547454641b9ea2,
    type: 2}
  m_PrefabInternal: {fileID: 0}
  m_GameObject: {fileID: 1320768850}
  m_Enabled: 1
  m_CastShadows: 0
  m_ReceiveShadows: 0
  m_LightmapIndex: 255
  m_LightmapTilingOffset: {x: 1, y: 1, z: 0, w: 0}
  m_Materials:
  - {fileID: 10754, guid: 0000000000000000e000000000000000, type: 0}
  m_SubsetIndices: 
  m_StaticBatchRoot: {fileID: 0}
  m_UseLightProbes: 0
  m_LightProbeAnchor: {fileID: 0}
  m_ScaleInLightmap: 1
  m_SortingLayerID: 0
  m_SortingOrder: 1
  m_Sprite: {fileID: 21300000, guid: cf857d59b9f0f42aeaa467b4dac858d4, type: 3}
  m_Color: {r: 1, g: 1, b: 1, a: 1}
--- !u!1 &1344245315
GameObject:
  m_ObjectHideFlags: 0
  m_PrefabParentObject: {fileID: 100022, guid: 33e2b5ee62b924f22a547454641b9ea2, type: 2}
  m_PrefabInternal: {fileID: 0}
  serializedVersion: 4
  m_Component:
  - 4: {fileID: 1344245316}
  - 212: {fileID: 1344245317}
  m_Layer: 0
  m_Name: DummyGirlThief
  m_TagString: Untagged
  m_Icon: {fileID: 0}
  m_NavMeshLayer: 0
  m_StaticEditorFlags: 0
  m_IsActive: 0
--- !u!4 &1344245316
Transform:
  m_ObjectHideFlags: 0
  m_PrefabParentObject: {fileID: 400022, guid: 33e2b5ee62b924f22a547454641b9ea2, type: 2}
  m_PrefabInternal: {fileID: 0}
  m_GameObject: {fileID: 1344245315}
  m_LocalRotation: {x: 0, y: 0, z: 0, w: 1}
  m_LocalPosition: {x: -.782303929, y: -1, z: 0}
  m_LocalScale: {x: 1, y: 1, z: 1}
  m_Children: []
  m_Father: {fileID: 165502778}
  m_RootOrder: 1
--- !u!212 &1344245317
SpriteRenderer:
  m_ObjectHideFlags: 0
  m_PrefabParentObject: {fileID: 21200012, guid: 33e2b5ee62b924f22a547454641b9ea2,
    type: 2}
  m_PrefabInternal: {fileID: 0}
  m_GameObject: {fileID: 1344245315}
  m_Enabled: 1
  m_CastShadows: 0
  m_ReceiveShadows: 0
  m_LightmapIndex: 255
  m_LightmapTilingOffset: {x: 1, y: 1, z: 0, w: 0}
  m_Materials:
  - {fileID: 10754, guid: 0000000000000000e000000000000000, type: 0}
  m_SubsetIndices: 
  m_StaticBatchRoot: {fileID: 0}
  m_UseLightProbes: 0
  m_LightProbeAnchor: {fileID: 0}
  m_ScaleInLightmap: 1
  m_SortingLayerID: 0
  m_SortingOrder: 0
  m_Sprite: {fileID: 21300000, guid: 287b75fa508a04c45ab44c0b28a4d959, type: 3}
  m_Color: {r: 1, g: 1, b: 1, a: 1}
--- !u!1 &1472280461
GameObject:
  m_ObjectHideFlags: 0
  m_PrefabParentObject: {fileID: 100062, guid: 33e2b5ee62b924f22a547454641b9ea2, type: 2}
  m_PrefabInternal: {fileID: 0}
  serializedVersion: 4
  m_Component:
  - 4: {fileID: 1472280462}
  - 212: {fileID: 1472280463}
  m_Layer: 0
  m_Name: Item-SackOfGold
  m_TagString: Untagged
  m_Icon: {fileID: 0}
  m_NavMeshLayer: 0
  m_StaticEditorFlags: 0
  m_IsActive: 1
--- !u!4 &1472280462
Transform:
  m_ObjectHideFlags: 0
  m_PrefabParentObject: {fileID: 400062, guid: 33e2b5ee62b924f22a547454641b9ea2, type: 2}
  m_PrefabInternal: {fileID: 0}
  m_GameObject: {fileID: 1472280461}
  m_LocalRotation: {x: 0, y: 0, z: .173648193, w: .984807789}
  m_LocalPosition: {x: -.186235711, y: -2.32965779, z: 0}
  m_LocalScale: {x: 5, y: 5, z: 1}
  m_Children: []
  m_Father: {fileID: 166105477}
  m_RootOrder: 6
--- !u!212 &1472280463
SpriteRenderer:
  m_ObjectHideFlags: 0
  m_PrefabParentObject: {fileID: 21200030, guid: 33e2b5ee62b924f22a547454641b9ea2,
    type: 2}
  m_PrefabInternal: {fileID: 0}
  m_GameObject: {fileID: 1472280461}
  m_Enabled: 1
  m_CastShadows: 0
  m_ReceiveShadows: 0
  m_LightmapIndex: 255
  m_LightmapTilingOffset: {x: 1, y: 1, z: 0, w: 0}
  m_Materials:
  - {fileID: 10754, guid: 0000000000000000e000000000000000, type: 0}
  m_SubsetIndices: 
  m_StaticBatchRoot: {fileID: 0}
  m_UseLightProbes: 0
  m_LightProbeAnchor: {fileID: 0}
  m_ScaleInLightmap: 1
  m_SortingLayerID: 0
  m_SortingOrder: 4
  m_Sprite: {fileID: 21300050, guid: 8f3cfd3a7be9d424d84ac7b2578dd101, type: 3}
  m_Color: {r: 1, g: 1, b: 1, a: 1}
--- !u!1 &1596917382
GameObject:
  m_ObjectHideFlags: 0
  m_PrefabParentObject: {fileID: 100002, guid: 33e2b5ee62b924f22a547454641b9ea2, type: 2}
  m_PrefabInternal: {fileID: 0}
  serializedVersion: 4
  m_Component:
  - 4: {fileID: 1596917383}
  m_Layer: 0
  m_Name: LevelFloorBG3
  m_TagString: LevelPiece
  m_Icon: {fileID: 0}
  m_NavMeshLayer: 0
  m_StaticEditorFlags: 0
  m_IsActive: 1
--- !u!4 &1596917383
Transform:
  m_ObjectHideFlags: 0
  m_PrefabParentObject: {fileID: 400002, guid: 33e2b5ee62b924f22a547454641b9ea2, type: 2}
  m_PrefabInternal: {fileID: 0}
  m_GameObject: {fileID: 1596917382}
  m_LocalRotation: {x: 0, y: 0, z: 0, w: 1}
  m_LocalPosition: {x: 0, y: 0, z: 0}
  m_LocalScale: {x: 1, y: 1, z: 1}
  m_Children:
  - {fileID: 156022222}
  - {fileID: 869808111}
  - {fileID: 165502778}
  - {fileID: 142850041}
  - {fileID: 958858774}
  m_Father: {fileID: 0}
  m_RootOrder: 0
--- !u!1 &1723773790
GameObject:
  m_ObjectHideFlags: 0
  m_PrefabParentObject: {fileID: 100056, guid: 33e2b5ee62b924f22a547454641b9ea2, type: 2}
  m_PrefabInternal: {fileID: 0}
  serializedVersion: 4
  m_Component:
  - 4: {fileID: 1723773791}
  - 212: {fileID: 1723773792}
  m_Layer: 0
  m_Name: Item-RandomBook
  m_TagString: Untagged
  m_Icon: {fileID: 0}
  m_NavMeshLayer: 0
  m_StaticEditorFlags: 0
  m_IsActive: 1
--- !u!4 &1723773791
Transform:
  m_ObjectHideFlags: 0
  m_PrefabParentObject: {fileID: 400056, guid: 33e2b5ee62b924f22a547454641b9ea2, type: 2}
  m_PrefabInternal: {fileID: 0}
  m_GameObject: {fileID: 1723773790}
  m_LocalRotation: {x: 0, y: 0, z: 0, w: 1}
  m_LocalPosition: {x: -3.77207732, y: -1.77898693, z: 0}
  m_LocalScale: {x: 5, y: 5, z: 1}
  m_Children: []
  m_Father: {fileID: 166105477}
  m_RootOrder: 4
--- !u!212 &1723773792
SpriteRenderer:
  m_ObjectHideFlags: 0
  m_PrefabParentObject: {fileID: 21200024, guid: 33e2b5ee62b924f22a547454641b9ea2,
    type: 2}
  m_PrefabInternal: {fileID: 0}
  m_GameObject: {fileID: 1723773790}
  m_Enabled: 1
  m_CastShadows: 0
  m_ReceiveShadows: 0
  m_LightmapIndex: 255
  m_LightmapTilingOffset: {x: 1, y: 1, z: 0, w: 0}
  m_Materials:
  - {fileID: 10754, guid: 0000000000000000e000000000000000, type: 0}
  m_SubsetIndices: 
  m_StaticBatchRoot: {fileID: 0}
  m_UseLightProbes: 0
  m_LightProbeAnchor: {fileID: 0}
  m_ScaleInLightmap: 1
  m_SortingLayerID: 0
  m_SortingOrder: 0
  m_Sprite: {fileID: 21300072, guid: 8f3cfd3a7be9d424d84ac7b2578dd101, type: 3}
  m_Color: {r: 1, g: 1, b: 1, a: 1}
--- !u!1 &1781395222
GameObject:
  m_ObjectHideFlags: 0
  m_PrefabParentObject: {fileID: 100050, guid: 33e2b5ee62b924f22a547454641b9ea2, type: 2}
  m_PrefabInternal: {fileID: 0}
  serializedVersion: 4
  m_Component:
  - 4: {fileID: 1781395223}
  - 212: {fileID: 1781395224}
  m_Layer: 0
  m_Name: Item-Mirror
  m_TagString: Untagged
  m_Icon: {fileID: 0}
  m_NavMeshLayer: 0
  m_StaticEditorFlags: 0
  m_IsActive: 1
--- !u!4 &1781395223
Transform:
  m_ObjectHideFlags: 0
  m_PrefabParentObject: {fileID: 400050, guid: 33e2b5ee62b924f22a547454641b9ea2, type: 2}
  m_PrefabInternal: {fileID: 0}
  m_GameObject: {fileID: 1781395222}
  m_LocalRotation: {x: 0, y: 0, z: .930417597, w: -.366501182}
  m_LocalPosition: {x: 3.09779167, y: -1.09724426, z: 0}
  m_LocalScale: {x: 5, y: 5, z: 1}
  m_Children: []
  m_Father: {fileID: 166105477}
  m_RootOrder: 3
--- !u!212 &1781395224
SpriteRenderer:
  m_ObjectHideFlags: 0
  m_PrefabParentObject: {fileID: 21200018, guid: 33e2b5ee62b924f22a547454641b9ea2,
    type: 2}
  m_PrefabInternal: {fileID: 0}
  m_GameObject: {fileID: 1781395222}
  m_Enabled: 1
  m_CastShadows: 0
  m_ReceiveShadows: 0
  m_LightmapIndex: 255
  m_LightmapTilingOffset: {x: 1, y: 1, z: 0, w: 0}
  m_Materials:
  - {fileID: 10754, guid: 0000000000000000e000000000000000, type: 0}
  m_SubsetIndices: 
  m_StaticBatchRoot: {fileID: 0}
  m_UseLightProbes: 0
  m_LightProbeAnchor: {fileID: 0}
  m_ScaleInLightmap: 1
  m_SortingLayerID: 0
  m_SortingOrder: 0
  m_Sprite: {fileID: 21300100, guid: 8f3cfd3a7be9d424d84ac7b2578dd101, type: 3}
  m_Color: {r: 1, g: 1, b: 1, a: 1}
--- !u!1 &1971657342
GameObject:
  m_ObjectHideFlags: 0
  m_PrefabParentObject: {fileID: 100026, guid: 33e2b5ee62b924f22a547454641b9ea2, type: 2}
  m_PrefabInternal: {fileID: 0}
  serializedVersion: 4
  m_Component:
  - 4: {fileID: 1971657343}
  - 212: {fileID: 1971657344}
  m_Layer: 0
  m_Name: SurpriseMsg
  m_TagString: Untagged
  m_Icon: {fileID: 0}
  m_NavMeshLayer: 0
  m_StaticEditorFlags: 0
  m_IsActive: 0
--- !u!4 &1971657343
Transform:
  m_ObjectHideFlags: 0
  m_PrefabParentObject: {fileID: 400026, guid: 33e2b5ee62b924f22a547454641b9ea2, type: 2}
  m_PrefabInternal: {fileID: 0}
  m_GameObject: {fileID: 1971657342}
  m_LocalRotation: {x: 0, y: 0, z: 0, w: 1}
  m_LocalPosition: {x: -.600000024, y: .699999988, z: 0}
  m_LocalScale: {x: 1, y: 1, z: 1}
  m_Children: []
  m_Father: {fileID: 1320768851}
  m_RootOrder: 0
--- !u!212 &1971657344
SpriteRenderer:
  m_ObjectHideFlags: 0
  m_PrefabParentObject: {fileID: 21200016, guid: 33e2b5ee62b924f22a547454641b9ea2,
    type: 2}
  m_PrefabInternal: {fileID: 0}
  m_GameObject: {fileID: 1971657342}
  m_Enabled: 1
  m_CastShadows: 0
  m_ReceiveShadows: 0
  m_LightmapIndex: 255
  m_LightmapTilingOffset: {x: 1, y: 1, z: 0, w: 0}
  m_Materials:
  - {fileID: 10754, guid: 0000000000000000e000000000000000, type: 0}
  m_SubsetIndices: 
  m_StaticBatchRoot: {fileID: 0}
  m_UseLightProbes: 0
  m_LightProbeAnchor: {fileID: 0}
  m_ScaleInLightmap: 1
  m_SortingLayerID: 0
  m_SortingOrder: 2
  m_Sprite: {fileID: 21300000, guid: 586ad9595859a964489949e13c188aad, type: 3}
  m_Color: {r: 1, g: 1, b: 1, a: 1}
