%YAML 1.1
%TAG !u! tag:unity3d.com,2011:
--- !u!29 &1
SceneSettings:
  m_ObjectHideFlags: 0
  m_PVSData: 
  m_PVSObjectsArray: []
  m_PVSPortalsArray: []
  m_OcclusionBakeSettings:
    smallestOccluder: 5
    smallestHole: .25
    backfaceThreshold: 100
--- !u!104 &2
RenderSettings:
  m_Fog: 0
  m_FogColor: {r: .5, g: .5, b: .5, a: 1}
  m_FogMode: 3
  m_FogDensity: .00999999978
  m_LinearFogStart: 0
  m_LinearFogEnd: 300
  m_AmbientLight: {r: .200000003, g: .200000003, b: .200000003, a: 1}
  m_SkyboxMaterial: {fileID: 0}
  m_HaloStrength: .5
  m_FlareStrength: 1
  m_FlareFadeSpeed: 3
  m_HaloTexture: {fileID: 0}
  m_SpotCookie: {fileID: 0}
  m_ObjectHideFlags: 0
--- !u!127 &3
LevelGameManager:
  m_ObjectHideFlags: 0
--- !u!157 &4
LightmapSettings:
  m_ObjectHideFlags: 0
  m_LightProbes: {fileID: 0}
  m_Lightmaps: []
  m_LightmapsMode: 1
  m_BakedColorSpace: 0
  m_UseDualLightmapsInForward: 0
  m_LightmapEditorSettings:
    m_Resolution: 50
    m_LastUsedResolution: 0
    m_TextureWidth: 1024
    m_TextureHeight: 1024
    m_BounceBoost: 1
    m_BounceIntensity: 1
    m_SkyLightColor: {r: .860000014, g: .930000007, b: 1, a: 1}
    m_SkyLightIntensity: 0
    m_Quality: 0
    m_Bounces: 1
    m_FinalGatherRays: 1000
    m_FinalGatherContrastThreshold: .0500000007
    m_FinalGatherGradientThreshold: 0
    m_FinalGatherInterpolationPoints: 15
    m_AOAmount: 0
    m_AOMaxDistance: .100000001
    m_AOContrast: 1
    m_LODSurfaceMappingDistance: 1
    m_Padding: 0
    m_TextureCompression: 0
    m_LockAtlas: 0
--- !u!196 &5
NavMeshSettings:
  m_ObjectHideFlags: 0
  m_BuildSettings:
    agentRadius: .5
    agentHeight: 2
    agentSlope: 45
    agentClimb: .400000006
    ledgeDropHeight: 0
    maxJumpAcrossDistance: 0
    accuratePlacement: 0
    minRegionArea: 2
    widthInaccuracy: 16.666666
    heightInaccuracy: 10
  m_NavMesh: {fileID: 0}
--- !u!1 &398040217
GameObject:
  m_ObjectHideFlags: 0
  m_PrefabParentObject: {fileID: 100000, guid: b43d26f58b7868746aa8197a18d39a5d, type: 2}
  m_PrefabInternal: {fileID: 2087427169}
  serializedVersion: 4
  m_Component:
  - 4: {fileID: 398040225}
  - 212: {fileID: 398040224}
  - 61: {fileID: 398040223}
  - 114: {fileID: 398040222}
  - 114: {fileID: 398040221}
  - 114: {fileID: 398040220}
  - 114: {fileID: 398040219}
  - 114: {fileID: 398040218}
  m_Layer: 0
  m_Name: BasicEnemy
  m_TagString: Enemy
  m_Icon: {fileID: 0}
  m_NavMeshLayer: 0
  m_StaticEditorFlags: 0
  m_IsActive: 1
--- !u!114 &398040218
MonoBehaviour:
  m_ObjectHideFlags: 0
  m_PrefabParentObject: {fileID: 11400000, guid: b43d26f58b7868746aa8197a18d39a5d,
    type: 2}
  m_PrefabInternal: {fileID: 2087427169}
  m_GameObject: {fileID: 398040217}
  m_Enabled: 1
  m_EditorHideFlags: 0
  m_Script: {fileID: 11500000, guid: a79fd3e11b287a248954df598ed2c0ca, type: 3}
  m_Name: 
  m_EditorClassIdentifier: 
  currentHP: 3
  maxHP: 3
--- !u!114 &398040219
MonoBehaviour:
  m_ObjectHideFlags: 0
  m_PrefabParentObject: {fileID: 11400008, guid: b43d26f58b7868746aa8197a18d39a5d,
    type: 2}
  m_PrefabInternal: {fileID: 2087427169}
  m_GameObject: {fileID: 398040217}
  m_Enabled: 1
  m_EditorHideFlags: 0
  m_Script: {fileID: 11500000, guid: 3df0041c9321448b0864e7513ee586b7, type: 3}
  m_Name: 
  m_EditorClassIdentifier: 
--- !u!114 &398040220
MonoBehaviour:
  m_ObjectHideFlags: 0
  m_PrefabParentObject: {fileID: 11400006, guid: b43d26f58b7868746aa8197a18d39a5d,
    type: 2}
  m_PrefabInternal: {fileID: 2087427169}
  m_GameObject: {fileID: 398040217}
  m_Enabled: 1
  m_EditorHideFlags: 0
  m_Script: {fileID: 11500000, guid: adf38395b5ef046488820e73375c0d22, type: 3}
  m_Name: 
  m_EditorClassIdentifier: 
  speed: 1
  nextWaypointDistance: 1
  isAtEndOfPath: 0
  isContinuouslyStepping: 0
--- !u!114 &398040221
MonoBehaviour:
  m_ObjectHideFlags: 0
  m_PrefabParentObject: {fileID: 11400004, guid: b43d26f58b7868746aa8197a18d39a5d,
    type: 2}
  m_PrefabInternal: {fileID: 2087427169}
  m_GameObject: {fileID: 398040217}
  m_Enabled: 1
  m_EditorHideFlags: 0
  m_Script: {fileID: 11500000, guid: a203d705eed0f4842addcb4fc389d364, type: 3}
  m_Name: 
  m_EditorClassIdentifier: 
  targetTransform: {fileID: 0}
  attackRange: 0
  currentTreeTickTimer: 0
  maxTreeTickTimer: 0
  pathfinder: {fileID: 398040220}
--- !u!114 &398040222
MonoBehaviour:
  m_ObjectHideFlags: 0
  m_PrefabParentObject: {fileID: 11400002, guid: b43d26f58b7868746aa8197a18d39a5d,
    type: 2}
  m_PrefabInternal: {fileID: 2087427169}
  m_GameObject: {fileID: 398040217}
  m_Enabled: 1
  m_EditorHideFlags: 0
  m_Script: {fileID: 11500000, guid: 373b52eb9bf8c40f785bb6947a1aee66, type: 3}
  m_Name: 
  m_EditorClassIdentifier: 
  drawGizmos: 1
  detailedGizmos: 1
  saveGetNearestHints: 1
  startEndModifier:
    priority: 1
    addPoints: 0
    exactStartPoint: 0
    exactEndPoint: 0
    useRaycasting: 0
    mask:
      serializedVersion: 2
      m_Bits: 4294967295
    useGraphRaycasting: 0
  traversableTags:
    tagsChange: -1
    tagsSet: -1
  tagPenalties: 0000000000000000000000000000000000000000000000000000000000000000000000000000000000000000000000000000000000000000000000000000000000000000000000000000000000000000000000000000000000000000000000000000000000000000000000000000000000000000000000000000000000000000
--- !u!61 &398040223
BoxCollider2D:
  m_ObjectHideFlags: 0
  m_PrefabParentObject: {fileID: 6100000, guid: b43d26f58b7868746aa8197a18d39a5d,
    type: 2}
  m_PrefabInternal: {fileID: 2087427169}
  m_GameObject: {fileID: 398040217}
  m_Enabled: 1
  m_Material: {fileID: 0}
  m_IsTrigger: 1
  m_Size: {x: .379999995, y: .379999995}
  m_Center: {x: 0, y: 0}
--- !u!212 &398040224
SpriteRenderer:
  m_ObjectHideFlags: 0
  m_PrefabParentObject: {fileID: 21200000, guid: b43d26f58b7868746aa8197a18d39a5d,
    type: 2}
  m_PrefabInternal: {fileID: 2087427169}
  m_GameObject: {fileID: 398040217}
  m_Enabled: 1
  m_CastShadows: 0
  m_ReceiveShadows: 0
  m_LightmapIndex: 255
  m_LightmapTilingOffset: {x: 1, y: 1, z: 0, w: 0}
  m_Materials:
  - {fileID: 10754, guid: 0000000000000000e000000000000000, type: 0}
  m_SubsetIndices: 
  m_StaticBatchRoot: {fileID: 0}
  m_UseLightProbes: 0
  m_LightProbeAnchor: {fileID: 0}
  m_ScaleInLightmap: 1
  m_SortingLayerID: 0
  m_SortingOrder: 1
  m_Sprite: {fileID: 21300000, guid: c18563315ca0747258dae994a7756b76, type: 3}
  m_Color: {r: 1, g: 1, b: 1, a: 1}
--- !u!4 &398040225
Transform:
  m_ObjectHideFlags: 0
  m_PrefabParentObject: {fileID: 400000, guid: b43d26f58b7868746aa8197a18d39a5d, type: 2}
  m_PrefabInternal: {fileID: 2087427169}
  m_GameObject: {fileID: 398040217}
  m_LocalRotation: {x: 0, y: 0, z: 0, w: 1}
  m_LocalPosition: {x: .170000002, y: -.540000021, z: 0}
  m_LocalScale: {x: 1, y: 1, z: 1}
  m_Children: []
  m_Father: {fileID: 1770181182}
  m_RootOrder: 2
--- !u!1 &923899534
GameObject:
  m_ObjectHideFlags: 0
  m_PrefabParentObject: {fileID: 100000, guid: b43d26f58b7868746aa8197a18d39a5d, type: 2}
  m_PrefabInternal: {fileID: 1565779935}
  serializedVersion: 4
  m_Component:
  - 4: {fileID: 923899542}
  - 212: {fileID: 923899541}
  - 61: {fileID: 923899540}
  - 114: {fileID: 923899539}
  - 114: {fileID: 923899538}
  - 114: {fileID: 923899537}
  - 114: {fileID: 923899536}
  - 114: {fileID: 923899535}
  m_Layer: 0
  m_Name: BasicEnemy
  m_TagString: Enemy
  m_Icon: {fileID: 0}
  m_NavMeshLayer: 0
  m_StaticEditorFlags: 0
  m_IsActive: 1
--- !u!114 &923899535
MonoBehaviour:
  m_ObjectHideFlags: 0
  m_PrefabParentObject: {fileID: 11400000, guid: b43d26f58b7868746aa8197a18d39a5d,
    type: 2}
  m_PrefabInternal: {fileID: 1565779935}
  m_GameObject: {fileID: 923899534}
  m_Enabled: 1
  m_EditorHideFlags: 0
  m_Script: {fileID: 11500000, guid: a79fd3e11b287a248954df598ed2c0ca, type: 3}
  m_Name: 
  m_EditorClassIdentifier: 
  currentHP: 3
  maxHP: 3
--- !u!114 &923899536
MonoBehaviour:
  m_ObjectHideFlags: 0
  m_PrefabParentObject: {fileID: 11400008, guid: b43d26f58b7868746aa8197a18d39a5d,
    type: 2}
  m_PrefabInternal: {fileID: 1565779935}
  m_GameObject: {fileID: 923899534}
  m_Enabled: 1
  m_EditorHideFlags: 0
  m_Script: {fileID: 11500000, guid: 3df0041c9321448b0864e7513ee586b7, type: 3}
  m_Name: 
  m_EditorClassIdentifier: 
--- !u!114 &923899537
MonoBehaviour:
  m_ObjectHideFlags: 0
  m_PrefabParentObject: {fileID: 11400006, guid: b43d26f58b7868746aa8197a18d39a5d,
    type: 2}
  m_PrefabInternal: {fileID: 1565779935}
  m_GameObject: {fileID: 923899534}
  m_Enabled: 1
  m_EditorHideFlags: 0
  m_Script: {fileID: 11500000, guid: adf38395b5ef046488820e73375c0d22, type: 3}
  m_Name: 
  m_EditorClassIdentifier: 
  speed: 1
  nextWaypointDistance: 1
  isAtEndOfPath: 0
  isContinuouslyStepping: 0
--- !u!114 &923899538
MonoBehaviour:
  m_ObjectHideFlags: 0
  m_PrefabParentObject: {fileID: 11400004, guid: b43d26f58b7868746aa8197a18d39a5d,
    type: 2}
  m_PrefabInternal: {fileID: 1565779935}
  m_GameObject: {fileID: 923899534}
  m_Enabled: 1
  m_EditorHideFlags: 0
  m_Script: {fileID: 11500000, guid: a203d705eed0f4842addcb4fc389d364, type: 3}
  m_Name: 
  m_EditorClassIdentifier: 
  targetTransform: {fileID: 0}
  attackRange: 0
  currentTreeTickTimer: 0
  maxTreeTickTimer: 0
  pathfinder: {fileID: 923899537}
--- !u!114 &923899539
MonoBehaviour:
  m_ObjectHideFlags: 0
  m_PrefabParentObject: {fileID: 11400002, guid: b43d26f58b7868746aa8197a18d39a5d,
    type: 2}
  m_PrefabInternal: {fileID: 1565779935}
  m_GameObject: {fileID: 923899534}
  m_Enabled: 1
  m_EditorHideFlags: 0
  m_Script: {fileID: 11500000, guid: 373b52eb9bf8c40f785bb6947a1aee66, type: 3}
  m_Name: 
  m_EditorClassIdentifier: 
  drawGizmos: 1
  detailedGizmos: 1
  saveGetNearestHints: 1
  startEndModifier:
    priority: 1
    addPoints: 0
    exactStartPoint: 0
    exactEndPoint: 0
    useRaycasting: 0
    mask:
      serializedVersion: 2
      m_Bits: 4294967295
    useGraphRaycasting: 0
  traversableTags:
    tagsChange: -1
    tagsSet: -1
  tagPenalties: 0000000000000000000000000000000000000000000000000000000000000000000000000000000000000000000000000000000000000000000000000000000000000000000000000000000000000000000000000000000000000000000000000000000000000000000000000000000000000000000000000000000000000000
--- !u!61 &923899540
BoxCollider2D:
  m_ObjectHideFlags: 0
  m_PrefabParentObject: {fileID: 6100000, guid: b43d26f58b7868746aa8197a18d39a5d,
    type: 2}
  m_PrefabInternal: {fileID: 1565779935}
  m_GameObject: {fileID: 923899534}
  m_Enabled: 1
  m_Material: {fileID: 0}
  m_IsTrigger: 1
  m_Size: {x: .379999995, y: .379999995}
  m_Center: {x: 0, y: 0}
--- !u!212 &923899541
SpriteRenderer:
  m_ObjectHideFlags: 0
  m_PrefabParentObject: {fileID: 21200000, guid: b43d26f58b7868746aa8197a18d39a5d,
    type: 2}
  m_PrefabInternal: {fileID: 1565779935}
  m_GameObject: {fileID: 923899534}
  m_Enabled: 1
  m_CastShadows: 0
  m_ReceiveShadows: 0
  m_LightmapIndex: 255
  m_LightmapTilingOffset: {x: 1, y: 1, z: 0, w: 0}
  m_Materials:
  - {fileID: 10754, guid: 0000000000000000e000000000000000, type: 0}
  m_SubsetIndices: 
  m_StaticBatchRoot: {fileID: 0}
  m_UseLightProbes: 0
  m_LightProbeAnchor: {fileID: 0}
  m_ScaleInLightmap: 1
  m_SortingLayerID: 0
  m_SortingOrder: 1
  m_Sprite: {fileID: 21300000, guid: c18563315ca0747258dae994a7756b76, type: 3}
  m_Color: {r: 1, g: 1, b: 1, a: 1}
--- !u!4 &923899542
Transform:
  m_ObjectHideFlags: 0
  m_PrefabParentObject: {fileID: 400000, guid: b43d26f58b7868746aa8197a18d39a5d, type: 2}
  m_PrefabInternal: {fileID: 1565779935}
  m_GameObject: {fileID: 923899534}
  m_LocalRotation: {x: 0, y: 0, z: 0, w: 1}
  m_LocalPosition: {x: -1.98000002, y: -2.44000006, z: 0}
  m_LocalScale: {x: 1, y: 1, z: 1}
  m_Children: []
  m_Father: {fileID: 1770181182}
  m_RootOrder: 0
--- !u!1001 &1565779935
Prefab:
  m_ObjectHideFlags: 0
  serializedVersion: 2
  m_Modification:
    m_TransformParent: {fileID: 1770181182}
    m_Modifications:
    - target: {fileID: 400000, guid: b43d26f58b7868746aa8197a18d39a5d, type: 2}
      propertyPath: m_LocalPosition.x
      value: -1.98000002
      objectReference: {fileID: 0}
    - target: {fileID: 400000, guid: b43d26f58b7868746aa8197a18d39a5d, type: 2}
      propertyPath: m_LocalPosition.y
      value: -2.44000006
      objectReference: {fileID: 0}
    - target: {fileID: 400000, guid: b43d26f58b7868746aa8197a18d39a5d, type: 2}
      propertyPath: m_LocalPosition.z
      value: 0
      objectReference: {fileID: 0}
    - target: {fileID: 400000, guid: b43d26f58b7868746aa8197a18d39a5d, type: 2}
      propertyPath: m_LocalRotation.x
      value: 0
      objectReference: {fileID: 0}
    - target: {fileID: 400000, guid: b43d26f58b7868746aa8197a18d39a5d, type: 2}
      propertyPath: m_LocalRotation.y
      value: 0
      objectReference: {fileID: 0}
    - target: {fileID: 400000, guid: b43d26f58b7868746aa8197a18d39a5d, type: 2}
      propertyPath: m_LocalRotation.z
      value: 0
      objectReference: {fileID: 0}
    - target: {fileID: 400000, guid: b43d26f58b7868746aa8197a18d39a5d, type: 2}
      propertyPath: m_LocalRotation.w
      value: 1
      objectReference: {fileID: 0}
    - target: {fileID: 400000, guid: b43d26f58b7868746aa8197a18d39a5d, type: 2}
      propertyPath: m_RootOrder
      value: 0
      objectReference: {fileID: 0}
    - target: {fileID: 400000, guid: b43d26f58b7868746aa8197a18d39a5d, type: 2}
      propertyPath: m_LocalScale.x
      value: 1
      objectReference: {fileID: 0}
    - target: {fileID: 400000, guid: b43d26f58b7868746aa8197a18d39a5d, type: 2}
      propertyPath: m_LocalScale.y
      value: 1
      objectReference: {fileID: 0}
    m_RemovedComponents: []
  m_ParentPrefab: {fileID: 100100000, guid: b43d26f58b7868746aa8197a18d39a5d, type: 2}
  m_RootGameObject: {fileID: 923899534}
  m_IsPrefabParent: 0
  m_IsExploded: 1
--- !u!1 &1770181180
GameObject:
  m_ObjectHideFlags: 0
  m_PrefabParentObject: {fileID: 100002, guid: 0a32cb13d3d314850a8a1dad6c5a1304, type: 2}
  m_PrefabInternal: {fileID: 0}
  serializedVersion: 4
  m_Component:
  - 4: {fileID: 1770181182}
  - 212: {fileID: 1770181181}
  m_Layer: 0
  m_Name: LevelFloorBG1
  m_TagString: LevelPiece
  m_Icon: {fileID: 0}
  m_NavMeshLayer: 0
  m_StaticEditorFlags: 0
  m_IsActive: 1
--- !u!212 &1770181181
SpriteRenderer:
  m_ObjectHideFlags: 0
  m_PrefabParentObject: {fileID: 21200002, guid: 0a32cb13d3d314850a8a1dad6c5a1304,
    type: 2}
  m_PrefabInternal: {fileID: 0}
  m_GameObject: {fileID: 1770181180}
  m_Enabled: 1
  m_CastShadows: 0
  m_ReceiveShadows: 0
  m_LightmapIndex: 255
  m_LightmapTilingOffset: {x: 1, y: 1, z: 0, w: 0}
  m_Materials:
  - {fileID: 10754, guid: 0000000000000000e000000000000000, type: 0}
  m_SubsetIndices: 
  m_StaticBatchRoot: {fileID: 0}
  m_UseLightProbes: 0
  m_LightProbeAnchor: {fileID: 0}
  m_ScaleInLightmap: 1
  m_SortingLayerID: 0
  m_SortingOrder: 0
  m_Sprite: {fileID: 21300000, guid: 875349512dce74202a127d5ca81600f5, type: 3}
  m_Color: {r: .352941155, g: .352941155, b: .352941155, a: 1}
--- !u!4 &1770181182
Transform:
  m_ObjectHideFlags: 0
  m_PrefabParentObject: {fileID: 400002, guid: 0a32cb13d3d314850a8a1dad6c5a1304, type: 2}
  m_PrefabInternal: {fileID: 0}
  m_GameObject: {fileID: 1770181180}
  m_LocalRotation: {x: 0, y: 0, z: 0, w: 1}
  m_LocalPosition: {x: 0, y: 0, z: 0}
  m_LocalScale: {x: 1, y: 1, z: 1}
  m_Children:
  - {fileID: 923899542}
  - {fileID: 1944074810}
  - {fileID: 398040225}
  - {fileID: 1904996253}
  m_Father: {fileID: 0}
  m_RootOrder: 0
--- !u!1 &1904996245
GameObject:
  m_ObjectHideFlags: 0
  m_PrefabParentObject: {fileID: 100000, guid: b43d26f58b7868746aa8197a18d39a5d, type: 2}
  m_PrefabInternal: {fileID: 1975446265}
  serializedVersion: 4
  m_Component:
  - 4: {fileID: 1904996253}
  - 212: {fileID: 1904996252}
  - 61: {fileID: 1904996251}
  - 114: {fileID: 1904996250}
  - 114: {fileID: 1904996249}
  - 114: {fileID: 1904996248}
  - 114: {fileID: 1904996247}
  - 114: {fileID: 1904996246}
  m_Layer: 0
  m_Name: BasicEnemy
  m_TagString: Enemy
  m_Icon: {fileID: 0}
  m_NavMeshLayer: 0
  m_StaticEditorFlags: 0
  m_IsActive: 1
--- !u!114 &1904996246
MonoBehaviour:
  m_ObjectHideFlags: 0
  m_PrefabParentObject: {fileID: 11400000, guid: b43d26f58b7868746aa8197a18d39a5d,
    type: 2}
  m_PrefabInternal: {fileID: 1975446265}
  m_GameObject: {fileID: 1904996245}
  m_Enabled: 1
  m_EditorHideFlags: 0
  m_Script: {fileID: 11500000, guid: a79fd3e11b287a248954df598ed2c0ca, type: 3}
  m_Name: 
  m_EditorClassIdentifier: 
  currentHP: 3
  maxHP: 3
--- !u!114 &1904996247
MonoBehaviour:
  m_ObjectHideFlags: 0
  m_PrefabParentObject: {fileID: 11400008, guid: b43d26f58b7868746aa8197a18d39a5d,
    type: 2}
  m_PrefabInternal: {fileID: 1975446265}
  m_GameObject: {fileID: 1904996245}
  m_Enabled: 1
  m_EditorHideFlags: 0
  m_Script: {fileID: 11500000, guid: 3df0041c9321448b0864e7513ee586b7, type: 3}
  m_Name: 
  m_EditorClassIdentifier: 
--- !u!114 &1904996248
MonoBehaviour:
  m_ObjectHideFlags: 0
  m_PrefabParentObject: {fileID: 11400006, guid: b43d26f58b7868746aa8197a18d39a5d,
    type: 2}
  m_PrefabInternal: {fileID: 1975446265}
  m_GameObject: {fileID: 1904996245}
  m_Enabled: 1
  m_EditorHideFlags: 0
  m_Script: {fileID: 11500000, guid: adf38395b5ef046488820e73375c0d22, type: 3}
  m_Name: 
  m_EditorClassIdentifier: 
  speed: 1
  nextWaypointDistance: 1
  isAtEndOfPath: 0
  isContinuouslyStepping: 0
--- !u!114 &1904996249
MonoBehaviour:
  m_ObjectHideFlags: 0
  m_PrefabParentObject: {fileID: 11400004, guid: b43d26f58b7868746aa8197a18d39a5d,
    type: 2}
  m_PrefabInternal: {fileID: 1975446265}
  m_GameObject: {fileID: 1904996245}
  m_Enabled: 1
  m_EditorHideFlags: 0
  m_Script: {fileID: 11500000, guid: a203d705eed0f4842addcb4fc389d364, type: 3}
  m_Name: 
  m_EditorClassIdentifier: 
  targetTransform: {fileID: 0}
  attackRange: 0
  currentTreeTickTimer: 0
  maxTreeTickTimer: 0
  pathfinder: {fileID: 1904996248}
--- !u!114 &1904996250
MonoBehaviour:
  m_ObjectHideFlags: 0
  m_PrefabParentObject: {fileID: 11400002, guid: b43d26f58b7868746aa8197a18d39a5d,
    type: 2}
  m_PrefabInternal: {fileID: 1975446265}
  m_GameObject: {fileID: 1904996245}
  m_Enabled: 1
  m_EditorHideFlags: 0
  m_Script: {fileID: 11500000, guid: 373b52eb9bf8c40f785bb6947a1aee66, type: 3}
  m_Name: 
  m_EditorClassIdentifier: 
  drawGizmos: 1
  detailedGizmos: 1
  saveGetNearestHints: 1
  startEndModifier:
    priority: 1
    addPoints: 0
    exactStartPoint: 0
    exactEndPoint: 0
    useRaycasting: 0
    mask:
      serializedVersion: 2
      m_Bits: 4294967295
    useGraphRaycasting: 0
  traversableTags:
    tagsChange: -1
    tagsSet: -1
  tagPenalties: 0000000000000000000000000000000000000000000000000000000000000000000000000000000000000000000000000000000000000000000000000000000000000000000000000000000000000000000000000000000000000000000000000000000000000000000000000000000000000000000000000000000000000000
--- !u!61 &1904996251
BoxCollider2D:
  m_ObjectHideFlags: 0
  m_PrefabParentObject: {fileID: 6100000, guid: b43d26f58b7868746aa8197a18d39a5d,
    type: 2}
  m_PrefabInternal: {fileID: 1975446265}
  m_GameObject: {fileID: 1904996245}
  m_Enabled: 1
  m_Material: {fileID: 0}
  m_IsTrigger: 1
  m_Size: {x: .379999995, y: .379999995}
  m_Center: {x: 0, y: 0}
--- !u!212 &1904996252
SpriteRenderer:
  m_ObjectHideFlags: 0
  m_PrefabParentObject: {fileID: 21200000, guid: b43d26f58b7868746aa8197a18d39a5d,
    type: 2}
  m_PrefabInternal: {fileID: 1975446265}
  m_GameObject: {fileID: 1904996245}
  m_Enabled: 1
  m_CastShadows: 0
  m_ReceiveShadows: 0
  m_LightmapIndex: 255
  m_LightmapTilingOffset: {x: 1, y: 1, z: 0, w: 0}
  m_Materials:
  - {fileID: 10754, guid: 0000000000000000e000000000000000, type: 0}
  m_SubsetIndices: 
  m_StaticBatchRoot: {fileID: 0}
  m_UseLightProbes: 0
  m_LightProbeAnchor: {fileID: 0}
  m_ScaleInLightmap: 1
  m_SortingLayerID: 0
  m_SortingOrder: 1
  m_Sprite: {fileID: 21300000, guid: c18563315ca0747258dae994a7756b76, type: 3}
  m_Color: {r: 1, g: 1, b: 1, a: 1}
--- !u!4 &1904996253
Transform:
  m_ObjectHideFlags: 0
  m_PrefabParentObject: {fileID: 400000, guid: b43d26f58b7868746aa8197a18d39a5d, type: 2}
  m_PrefabInternal: {fileID: 1975446265}
  m_GameObject: {fileID: 1904996245}
  m_LocalRotation: {x: 0, y: 0, z: 0, w: 1}
  m_LocalPosition: {x: 2.37005258, y: -2.44185376, z: 0}
  m_LocalScale: {x: 1, y: 1, z: 1}
  m_Children: []
  m_Father: {fileID: 1770181182}
  m_RootOrder: 3
--- !u!1 &1944074802
GameObject:
  m_ObjectHideFlags: 0
  m_PrefabParentObject: {fileID: 100000, guid: b43d26f58b7868746aa8197a18d39a5d, type: 2}
  m_PrefabInternal: {fileID: 2100502997}
  serializedVersion: 4
  m_Component:
  - 4: {fileID: 1944074810}
  - 212: {fileID: 1944074809}
  - 61: {fileID: 1944074808}
  - 114: {fileID: 1944074807}
  - 114: {fileID: 1944074806}
  - 114: {fileID: 1944074805}
  - 114: {fileID: 1944074804}
  - 114: {fileID: 1944074803}
  m_Layer: 0
  m_Name: BasicEnemy
  m_TagString: Enemy
  m_Icon: {fileID: 0}
  m_NavMeshLayer: 0
  m_StaticEditorFlags: 0
  m_IsActive: 1
--- !u!114 &1944074803
MonoBehaviour:
  m_ObjectHideFlags: 0
  m_PrefabParentObject: {fileID: 11400000, guid: b43d26f58b7868746aa8197a18d39a5d,
    type: 2}
  m_PrefabInternal: {fileID: 2100502997}
  m_GameObject: {fileID: 1944074802}
  m_Enabled: 1
  m_EditorHideFlags: 0
  m_Script: {fileID: 11500000, guid: a79fd3e11b287a248954df598ed2c0ca, type: 3}
  m_Name: 
  m_EditorClassIdentifier: 
  currentHP: 3
  maxHP: 3
--- !u!114 &1944074804
MonoBehaviour:
  m_ObjectHideFlags: 0
  m_PrefabParentObject: {fileID: 11400008, guid: b43d26f58b7868746aa8197a18d39a5d,
    type: 2}
  m_PrefabInternal: {fileID: 2100502997}
  m_GameObject: {fileID: 1944074802}
  m_Enabled: 1
  m_EditorHideFlags: 0
  m_Script: {fileID: 11500000, guid: 3df0041c9321448b0864e7513ee586b7, type: 3}
  m_Name: 
  m_EditorClassIdentifier: 
--- !u!114 &1944074805
MonoBehaviour:
  m_ObjectHideFlags: 0
  m_PrefabParentObject: {fileID: 11400006, guid: b43d26f58b7868746aa8197a18d39a5d,
    type: 2}
  m_PrefabInternal: {fileID: 2100502997}
  m_GameObject: {fileID: 1944074802}
  m_Enabled: 1
  m_EditorHideFlags: 0
  m_Script: {fileID: 11500000, guid: adf38395b5ef046488820e73375c0d22, type: 3}
  m_Name: 
  m_EditorClassIdentifier: 
  speed: 1
  nextWaypointDistance: 1
  isAtEndOfPath: 0
  isContinuouslyStepping: 0
--- !u!114 &1944074806
MonoBehaviour:
  m_ObjectHideFlags: 0
  m_PrefabParentObject: {fileID: 11400004, guid: b43d26f58b7868746aa8197a18d39a5d,
    type: 2}
  m_PrefabInternal: {fileID: 2100502997}
  m_GameObject: {fileID: 1944074802}
  m_Enabled: 1
  m_EditorHideFlags: 0
  m_Script: {fileID: 11500000, guid: a203d705eed0f4842addcb4fc389d364, type: 3}
  m_Name: 
  m_EditorClassIdentifier: 
  targetTransform: {fileID: 0}
  attackRange: 0
  currentTreeTickTimer: 0
  maxTreeTickTimer: 0
  pathfinder: {fileID: 1944074805}
--- !u!114 &1944074807
MonoBehaviour:
  m_ObjectHideFlags: 0
  m_PrefabParentObject: {fileID: 11400002, guid: b43d26f58b7868746aa8197a18d39a5d,
    type: 2}
  m_PrefabInternal: {fileID: 2100502997}
  m_GameObject: {fileID: 1944074802}
  m_Enabled: 1
  m_EditorHideFlags: 0
  m_Script: {fileID: 11500000, guid: 373b52eb9bf8c40f785bb6947a1aee66, type: 3}
  m_Name: 
  m_EditorClassIdentifier: 
  drawGizmos: 1
  detailedGizmos: 1
  saveGetNearestHints: 1
  startEndModifier:
    priority: 1
    addPoints: 0
    exactStartPoint: 0
    exactEndPoint: 0
    useRaycasting: 0
    mask:
      serializedVersion: 2
      m_Bits: 4294967295
    useGraphRaycasting: 0
  traversableTags:
    tagsChange: -1
    tagsSet: -1
  tagPenalties: 0000000000000000000000000000000000000000000000000000000000000000000000000000000000000000000000000000000000000000000000000000000000000000000000000000000000000000000000000000000000000000000000000000000000000000000000000000000000000000000000000000000000000000
--- !u!61 &1944074808
BoxCollider2D:
  m_ObjectHideFlags: 0
  m_PrefabParentObject: {fileID: 6100000, guid: b43d26f58b7868746aa8197a18d39a5d,
    type: 2}
  m_PrefabInternal: {fileID: 2100502997}
  m_GameObject: {fileID: 1944074802}
  m_Enabled: 1
  m_Material: {fileID: 0}
  m_IsTrigger: 1
  m_Size: {x: .379999995, y: .379999995}
  m_Center: {x: 0, y: 0}
--- !u!212 &1944074809
SpriteRenderer:
  m_ObjectHideFlags: 0
  m_PrefabParentObject: {fileID: 21200000, guid: b43d26f58b7868746aa8197a18d39a5d,
    type: 2}
  m_PrefabInternal: {fileID: 2100502997}
  m_GameObject: {fileID: 1944074802}
  m_Enabled: 1
  m_CastShadows: 0
  m_ReceiveShadows: 0
  m_LightmapIndex: 255
  m_LightmapTilingOffset: {x: 1, y: 1, z: 0, w: 0}
  m_Materials:
  - {fileID: 10754, guid: 0000000000000000e000000000000000, type: 0}
  m_SubsetIndices: 
  m_StaticBatchRoot: {fileID: 0}
  m_UseLightProbes: 0
  m_LightProbeAnchor: {fileID: 0}
  m_ScaleInLightmap: 1
  m_SortingLayerID: 0
  m_SortingOrder: 1
  m_Sprite: {fileID: 21300000, guid: c18563315ca0747258dae994a7756b76, type: 3}
  m_Color: {r: 1, g: 1, b: 1, a: 1}
--- !u!4 &1944074810
Transform:
  m_ObjectHideFlags: 0
  m_PrefabParentObject: {fileID: 400000, guid: b43d26f58b7868746aa8197a18d39a5d, type: 2}
  m_PrefabInternal: {fileID: 2100502997}
  m_GameObject: {fileID: 1944074802}
  m_LocalRotation: {x: 0, y: 0, z: 0, w: 1}
  m_LocalPosition: {x: .150000006, y: -2.44000006, z: 0}
  m_LocalScale: {x: 1, y: 1, z: 1}
  m_Children: []
  m_Father: {fileID: 1770181182}
  m_RootOrder: 1
--- !u!1001 &1975446265
Prefab:
  m_ObjectHideFlags: 0
  serializedVersion: 2
  m_Modification:
    m_TransformParent: {fileID: 1770181182}
    m_Modifications:
    - target: {fileID: 400000, guid: b43d26f58b7868746aa8197a18d39a5d, type: 2}
      propertyPath: m_LocalPosition.x
      value: 2.37005258
      objectReference: {fileID: 0}
    - target: {fileID: 400000, guid: b43d26f58b7868746aa8197a18d39a5d, type: 2}
      propertyPath: m_LocalPosition.y
      value: -2.44185376
      objectReference: {fileID: 0}
    - target: {fileID: 400000, guid: b43d26f58b7868746aa8197a18d39a5d, type: 2}
      propertyPath: m_LocalPosition.z
      value: 0
      objectReference: {fileID: 0}
    - target: {fileID: 400000, guid: b43d26f58b7868746aa8197a18d39a5d, type: 2}
      propertyPath: m_LocalRotation.x
      value: 0
      objectReference: {fileID: 0}
    - target: {fileID: 400000, guid: b43d26f58b7868746aa8197a18d39a5d, type: 2}
      propertyPath: m_LocalRotation.y
      value: 0
      objectReference: {fileID: 0}
    - target: {fileID: 400000, guid: b43d26f58b7868746aa8197a18d39a5d, type: 2}
      propertyPath: m_LocalRotation.z
      value: 0
      objectReference: {fileID: 0}
    - target: {fileID: 400000, guid: b43d26f58b7868746aa8197a18d39a5d, type: 2}
      propertyPath: m_LocalRotation.w
      value: 1
      objectReference: {fileID: 0}
    - target: {fileID: 400000, guid: b43d26f58b7868746aa8197a18d39a5d, type: 2}
      propertyPath: m_RootOrder
      value: 3
      objectReference: {fileID: 0}
    - target: {fileID: 400000, guid: b43d26f58b7868746aa8197a18d39a5d, type: 2}
      propertyPath: m_LocalScale.x
      value: 1
      objectReference: {fileID: 0}
    - target: {fileID: 400000, guid: b43d26f58b7868746aa8197a18d39a5d, type: 2}
      propertyPath: m_LocalScale.y
      value: 1
      objectReference: {fileID: 0}
    m_RemovedComponents: []
  m_ParentPrefab: {fileID: 100100000, guid: b43d26f58b7868746aa8197a18d39a5d, type: 2}
  m_RootGameObject: {fileID: 1904996245}
  m_IsPrefabParent: 0
  m_IsExploded: 1
--- !u!1001 &2087427169
Prefab:
  m_ObjectHideFlags: 0
  serializedVersion: 2
  m_Modification:
    m_TransformParent: {fileID: 1770181182}
    m_Modifications:
    - target: {fileID: 400000, guid: b43d26f58b7868746aa8197a18d39a5d, type: 2}
      propertyPath: m_LocalPosition.x
      value: .170000002
      objectReference: {fileID: 0}
    - target: {fileID: 400000, guid: b43d26f58b7868746aa8197a18d39a5d, type: 2}
      propertyPath: m_LocalPosition.y
      value: -.540000021
      objectReference: {fileID: 0}
    - target: {fileID: 400000, guid: b43d26f58b7868746aa8197a18d39a5d, type: 2}
      propertyPath: m_LocalPosition.z
      value: 0
      objectReference: {fileID: 0}
    - target: {fileID: 400000, guid: b43d26f58b7868746aa8197a18d39a5d, type: 2}
      propertyPath: m_LocalRotation.x
      value: 0
      objectReference: {fileID: 0}
    - target: {fileID: 400000, guid: b43d26f58b7868746aa8197a18d39a5d, type: 2}
      propertyPath: m_LocalRotation.y
      value: 0
      objectReference: {fileID: 0}
    - target: {fileID: 400000, guid: b43d26f58b7868746aa8197a18d39a5d, type: 2}
      propertyPath: m_LocalRotation.z
      value: 0
      objectReference: {fileID: 0}
    - target: {fileID: 400000, guid: b43d26f58b7868746aa8197a18d39a5d, type: 2}
      propertyPath: m_LocalRotation.w
      value: 1
      objectReference: {fileID: 0}
    - target: {fileID: 400000, guid: b43d26f58b7868746aa8197a18d39a5d, type: 2}
      propertyPath: m_RootOrder
      value: 2
      objectReference: {fileID: 0}
    - target: {fileID: 400000, guid: b43d26f58b7868746aa8197a18d39a5d, type: 2}
      propertyPath: m_LocalScale.x
      value: 1
      objectReference: {fileID: 0}
    - target: {fileID: 400000, guid: b43d26f58b7868746aa8197a18d39a5d, type: 2}
      propertyPath: m_LocalScale.y
      value: 1
      objectReference: {fileID: 0}
    m_RemovedComponents: []
  m_ParentPrefab: {fileID: 100100000, guid: b43d26f58b7868746aa8197a18d39a5d, type: 2}
  m_RootGameObject: {fileID: 398040217}
  m_IsPrefabParent: 0
  m_IsExploded: 1
--- !u!1001 &2100502997
Prefab:
  m_ObjectHideFlags: 0
  serializedVersion: 2
  m_Modification:
    m_TransformParent: {fileID: 1770181182}
    m_Modifications:
    - target: {fileID: 400000, guid: b43d26f58b7868746aa8197a18d39a5d, type: 2}
      propertyPath: m_LocalPosition.x
      value: .150000006
      objectReference: {fileID: 0}
    - target: {fileID: 400000, guid: b43d26f58b7868746aa8197a18d39a5d, type: 2}
      propertyPath: m_LocalPosition.y
      value: -2.44000006
      objectReference: {fileID: 0}
    - target: {fileID: 400000, guid: b43d26f58b7868746aa8197a18d39a5d, type: 2}
      propertyPath: m_LocalPosition.z
      value: 0
      objectReference: {fileID: 0}
    - target: {fileID: 400000, guid: b43d26f58b7868746aa8197a18d39a5d, type: 2}
      propertyPath: m_LocalRotation.x
      value: 0
      objectReference: {fileID: 0}
    - target: {fileID: 400000, guid: b43d26f58b7868746aa8197a18d39a5d, type: 2}
      propertyPath: m_LocalRotation.y
      value: 0
      objectReference: {fileID: 0}
    - target: {fileID: 400000, guid: b43d26f58b7868746aa8197a18d39a5d, type: 2}
      propertyPath: m_LocalRotation.z
      value: 0
      objectReference: {fileID: 0}
    - target: {fileID: 400000, guid: b43d26f58b7868746aa8197a18d39a5d, type: 2}
      propertyPath: m_LocalRotation.w
      value: 1
      objectReference: {fileID: 0}
    - target: {fileID: 400000, guid: b43d26f58b7868746aa8197a18d39a5d, type: 2}
      propertyPath: m_RootOrder
      value: 1
      objectReference: {fileID: 0}
    - target: {fileID: 400000, guid: b43d26f58b7868746aa8197a18d39a5d, type: 2}
      propertyPath: m_LocalScale.x
      value: 1
      objectReference: {fileID: 0}
    - target: {fileID: 400000, guid: b43d26f58b7868746aa8197a18d39a5d, type: 2}
      propertyPath: m_LocalScale.y
      value: 1
      objectReference: {fileID: 0}
    m_RemovedComponents: []
  m_ParentPrefab: {fileID: 100100000, guid: b43d26f58b7868746aa8197a18d39a5d, type: 2}
  m_RootGameObject: {fileID: 1944074802}
  m_IsPrefabParent: 0
  m_IsExploded: 1
